@book{Goldstein2002,
address = {San Francisco, CA},
author = {Goldstein, Herbert and Poole, Charles and Safko, John},
edition = {3},
isbn = {0-201-65702-3},
mendeley-groups = {Comp Phys},
publisher = {Addison Wesley},
title = {{Classical Mechanics}},
year = {2002}
}
@misc{Hjorth-Jensen2016,
author = {Hjorth-Jensen, Morten},
mendeley-groups = {Comp Phys},
publisher = {Github},
title = {{Computational Physics MSU}},
note = {\url{https://github.com/CompPhysics/ComputationalPhysicsMSU}},
year = {2016}
}
@report{Project3,
author = {Bradt, Joshua},
title = {Project 3: A model of the solar system},
year = {2016},
note = {\url{https://github.com/jbradt/comp-phys/blob/master/project3/writeup/project3.pdf}}
}
@book{Stewart2008,
address = {Belmont, CA},
author = {Stewart, James},
edition = {6},
isbn = {978-0-495-01166-8},
mendeley-groups = {Comp Phys},
publisher = {Cengage Learning},
title = {{Calculus: Early Transcendentals}},
year = {2008}
}
@misc{Bradt2016,
author = {Bradt, Joshua},
mendeley-groups = {Comp Phys},
publisher = {Github},
title = {{Comp-phys repository}},
note = {\url{https://github.com/jbradt/comp-phys}},
year = {2016}
}
@misc{Wolfram|Alpha,
author = {Wolfram|Alpha},
mendeley-groups = {Comp Phys},
publisher = {Wolfram Alpha LLC},
title = {{Wolfram Alpha}},
note = {\url{http://www.wolframalpha.com}}
}
@misc{horizons,
mendeley-groups = {Comp Phys},
publisher = {NASA Jet Propulsion Laboratory},
title = {{NASA JPL HORIZONS System}},
note = {\url{http://ssd.jpl.nasa.gov}}
}
